@article{mit-tennis,
    author = {Jon Manuel},
    title = {Capturing Momentum in Tennis},
    journal = {Opta Analyst},
    year = {2022},
    url = {https://theanalyst.com/na/2022/03/capturing-momentum-in-tennis/}
}

@article{definition-tennis,
    author = {Jim Taylor & Andrew Demick},
    title = {A multidimensional model of momentum in sports},
    journal = {Journal of Applied Sport Psychology},
    year = {1994},
    volume={6},
    number={1},
    pages={51-70},
    doi = {10.1080/10413209408406465},
    url = {https://theanalyst.com/na/2022/03/capturing-momentum-in-tennis/}
}

@online{ibm-tennis,
  author = {{IBM}},
  title = {{All England Lawn Tennis Club - Wimbledon}},
  year = {2024},
  url = {https://www.ibm.com/case-studies/all-england-lawn-tennis-club-ibm-ix?lnk=wmblp},
}

@article{svm-model,
  title={Support-vector networks},
  author={Cortes, Corinna and Vapnik, Vladimir},
  journal={Machine learning},
  volume={20},
  number={3},
  pages={273--297},
  year={1995},
  publisher={Springer}
}

@article{forest-model,
    title = {Classification and Regression by randomForest},
    author = {Andy Liaw and Matthew Wiener},
    journal = {R News},
    year = {2002},
    volume = {2},
    number = {3},
    pages = {18-22},
    url = {https://CRAN.R-project.org/doc/Rnews/},
}

@inproceedings{GBM-model,
    author = {Ke, Guolin and Meng, Qi and Finley, Thomas and Wang, Taifeng and Chen, Wei and Ma, Weidong and Ye, Qiwei and Liu, Tie-Yan},
    title = {LightGBM: a highly efficient gradient boosting decision tree},
    year = {2017},
    isbn = {9781510860964},
    publisher = {Curran Associates Inc.},
    address = {Red Hook, NY, USA},
    booktitle = {Proceedings of the 31st International Conference on Neural Information Processing Systems},
    pages = {3149–3157},
    numpages = {9},
    location = {Long Beach, California, USA},
    series = {NIPS'17}
}

@inproceedings{XGB-model, 
    series={KDD ’16},
    title={XGBoost: A Scalable Tree Boosting System},
    url={http://dx.doi.org/10.1145/2939672.2939785},
    DOI={10.1145/2939672.2939785},
    booktitle={Proceedings of the 22nd ACM SIGKDD International Conference on Knowledge Discovery and Data Mining},
    publisher={ACM},
    author={Chen, Tianqi and Guestrin, Carlos},
    year={2016},
    month=aug, collection={KDD ’16} 
}

@article{multilayer-model,
    author = {Popescu, Marius-Constantin and Balas, Valentina E. and Perescu-Popescu, Liliana and Mastorakis, Nikos},
    title = {Multilayer perceptron and neural networks},
    year = {2009},
    issue_date = {July 2009},
    publisher = {World Scientific and Engineering Academy and Society (WSEAS)},
    address = {Stevens Point, Wisconsin, USA},
    volume = {8},
    number = {7},
    issn = {1109-2734},
    journal = {WSEAS Trans. Cir. and Sys.},
    month = {jul},
    pages = {579–588},
    numpages = {10},
}

@online{pdf-tennis,
  author = {COMAP},
  title = {2024 MCM Problem C: Momentum in Tennis},
  year = {2024},
  url ={https://www.contest.comap.com/undergraduate/contests/mcm/contests/2024/problems/2024_MCM_Problem_C.pdf},
}

@article{graph-tennis,
    author = {Grover, Harsh and Chamola, Vinay and Singh, Dheerendra and Raymond, Kim-Kwang and Alladi, Tejasvi},
    year = {2021},
    month = {04},
    pages = {},
    title = {Edge Computing and Deep Learning Enabled Secure Multi-Tier Network for Internet of Vehicles},
    volume = {PP},
    journal = {IEEE Internet of Things Journal},
    doi = {10.1109/JIOT.2021.3071362}
}